@Book{eiben2003introduction,
    title={Introduction To Evolutionary Computing},
    author={A. E. Eiben and J. E. Smith},
    volume={53},
    year={2003},
    pages={1--2},
    publisher={Springer-Verlag},
    country={London}
}

@article{eiben2011parameter,
	title={Parameter tuning for configuring and analyzing evolutionary algorithms},
	author={A. E. Eiben and S. K. Smit},
	journal={Swarm and Evolutionary Computation},
	volume={1},
	number={1},
	pages={19--31},
	year={2011},
	publisher={Elsevier}
}

@inproceedings{smit2009comparing,
	title={Comparing parameter tuning methods for evolutionary algorithms},
	author={K. S. Smit and A. E. Eiben},
	booktitle={Evolutionary Computation, 2009. CEC'09. IEEE Congress},
	pages={399--406},
	year={2009},
	organization={IEEE}
}

@article{giguere1998population,
  title={Population sizing for optimum sampling with genetic algorithms: A case study of the Onemax problem},
  author={P. Giguere and D. E. Goldberg},
  journal={Genetic Programming},
  volume={98},
  pages={496--503},
  year={1998},
  publisher={Citeseer}
}

@article{campbell1977gauss,
  title={Gauss and the eight queens problem: a study in miniature of the propagation of historical error},
  author={Campbell, Paul J},
  journal={Historia mathematica},
  volume={4},
  number={4},
  pages={397--404},
  year={1977},
  publisher={Elsevier}
}

@article{eiben1999parameter,
  title={Parameter control in evolutionary algorithms},
  author={A. E. Eiben and R. Hinterding and Z. Michalewicz},
  journal={Evolutionary Computation, IEEE Transactions},
  volume={3},
  number={2},
  pages={124--141},
  year={1999},
  publisher={IEEE}
}

@incollection{hansen2006cma,
  title={The CMA evolution strategy: a comparing review},
  author={Hansen, Nikolaus},
  booktitle={Towards a new evolutionary computation},
  pages={75--102},
  year={2006},
  publisher={Springer}
}
